% @online {guowei2019ucasbeamer,
%   author = {陈国威},
%   title  = {中国科学院大学 Beamer (\LaTeX{}) --- 非官方的模版},
%   month  = {11},
%   year   = {2019},
%   url    = {https://github.com/icgw/ucas-beamer},
%   note   = {非官方的模版}
% }

% @online {ctexorg2020ctex,
%   author = {CTEX.ORG},
%   title  = {\CTeX{} 宏集手册},
%   month  = {6},
%   year   = {2020},
%   url    = {https://mirrors.tuna.tsinghua.edu.cn/CTAN/language/chinese/ctex/ctex.pdf},
% }

% @misc {tantau2004user,
%   title     = {User Guide to the Beamer Class},
%   author    = {Tantau, Till and Wright, J and Miletic, V},
%   year      = {2004},
%   publisher = {Version}
% }

@article{tanoglidis2023transformers,
  title={Transformers for scientific data: a pedagogical review for astronomers},
  author={Tanoglidis, Dimitrios and Jain, Bhuvnesh and Qu, Helen},
  journal={arXiv preprint arXiv:2310.12069},
  year={2023}
}

@article{shi2023compact,
  title={Compact Binary Systems Waveform Generation with Generative Pre-trained Transformer},
  author={Shi, Ruijun and Zhou, Yue and Zhao, Tianyu and Cao, Zhoujian and Ren, Zhixiang},
  journal={arXiv preprint arXiv:2310.20172},
  year={2023}
}